@proceedings{DBLP:conf/wer/2019,
  editor    = {Maria Lencastre and
               Marcela Ridao and
               Henrique Prado de S{\'{a}} Sousa},
  title     = {Anais do {WER19} - Workshop em Engenharia de Requisitos, Recife, Brasil,
               August 13-16, 2019},
  publisher = {Editora PUC-Rio},
  year      = {2019},
  url       = {http://wer.inf.puc-rio.br/WERpapers/papers\_by\_conference.lp?conference=WER19},
  timestamp = {Thu, 05 Dec 2019 15:21:19 +0100},
  biburl    = {https://dblp.org/rec/bib/conf/wer/2019},
  bibsource = {dblp computer science bibliography, https://dblp.org}
}
@inproceedings{DBLP:conf/hci/CanedoC18,
  author    = {Edna Dias Canedo and
               Ruyther Parente da Costa},
  title     = {The Use of Design Thinking in Agile Software Requirements Survey:
               {A} Case Study},
  booktitle = {{HCI} {(18)}},
  series    = {Lecture Notes in Computer Science},
  volume    = {10918},
  pages     = {642--657},
  publisher = {Springer},
  year      = {2018}
}
@inproceedings{DBLP:conf/hci/XimenesAA15,
  author    = {Bianca H. Ximenes and
               Isadora N. Alves and
               Cristiano C. Ara{\'{u}}jo},
  title     = {Software Project Management Combining Agile, Lean Startup and Design
               Thinking},
  booktitle = {{HCI} {(18)}},
  series    = {Lecture Notes in Computer Science},
  volume    = {9186},
  pages     = {356--367},
  publisher = {Springer},
  year      = {2015}
}
@inproceedings{DBLP:conf/icse/CarrollR16,
  author    = {Noel Carroll and
               Ita Richardson},
  title     = {Aligning healthcare innovation and software requirements through design
               thinking},
  booktitle = {SEHS@ICSE},
  pages     = {1--7},
  publisher = {{ACM}},
  year      = {2016}
}
@inproceedings{DBLP:conf/hci/SandinoMV13,
  author    = {Diego Sandino and
               Luis M. Matey and
               Gorka V{\'{e}}lez},
  title     = {Design Thinking Methodology for the Design of Interactive Real-Time
               Applications},
  booktitle = {{HCI} {(9)}},
  series    = {Lecture Notes in Computer Science},
  volume    = {8012},
  pages     = {583--592},
  publisher = {Springer},
  year      = {2013}
}
@book{plattner2009design,
  title={Design-thinking},
  author={Plattner, Hasso and Meinel, Christoph and Weinberg, Ulrich},
  year={2009},
  publisher={Springer}
}